@ARTICLE{121791,
author={Besl, P.J. and McKay, Neil D.},
journal={Pattern Analysis and Machine Intelligence, IEEE Transactions on},
title={A method for registration of 3-D shapes},
year={1992},
volume={14},
number={2},
pages={239-256},
keywords={computational geometry;convergence of numerical methods;iterative methods;optimisation;pattern recognition;picture processing;3D shape registration;convergence;geometric entity;geometric model;iterative closest point;mean-square distance metric;pattern recognition;point set registration;Convergence;Inspection;Iterative algorithms;Iterative closest point algorithm;Iterative methods;Motion estimation;Quaternions;Shape measurement;Solid modeling;Testing},
doi={10.1109/34.121791},
ISSN={0162-8828},
month={Feb},}
